@book{alligood2006chaos,
  title={Chaos: An Introduction to Dynamical Systems},
  author={Alligood, K.T. and Sauer, T.D. and Yorke, J.A.},
  isbn={9780387224923},
  lccn={95051304},
  series={Textbooks in Mathematical Sciences},
  url={https://books.google.lk/books?id=LDvhBwAAQBAJ},
  year={2006},
  publisher={Springer New York}
}

@book{khalil2002nonlinear,
  title={Nonlinear Systems},
  author={Khalil, H.K.},
  isbn={9780130673893},
  lccn={95045804},
  series={Pearson Education},
  url={https://books.google.lk/books?id=t_d1QgAACAAJ},
  year={2002},
  publisher={Prentice Hall}
}
